<?xml version="1.0" encoding="UTF-8"?><collection xmlns="http://www.loc.gov/MARC21/slim"><record><leader>00589nam--2200145-i-4500</leader><controlfield tag="001">000002362</controlfield><controlfield tag="002">20161230</controlfield><controlfield tag="005">20161230201025</controlfield><controlfield tag="008">060222s1000------------r-----000-0-eng-d</controlfield><datafield ind1="1" ind2=" " tag="100"><subfield code="a">GREENSPAN, DONALD (Ed.)</subfield></datafield><datafield ind1=" " ind2=" " tag="245"><subfield code="a">Numerical solutions of nonlinear differential equations. proceedings of an advanced symposium conducted by the mathematics research center, united states army, at the university of wisconsin, madison, may 9-11, 1966</subfield></datafield><datafield ind1=" " ind2=" " tag="260"><subfield code="a">New York, John Wiley &amp; Sons, Inc., 1966. Ix + 347 P</subfield></datafield><datafield ind1=" " ind2=" " tag="700"><subfield code="a">Donald GREENSPAN</subfield></datafield><datafield ind1=" " ind2=" " tag="852"><subfield code="a">25920</subfield><subfield code="c">517.9</subfield></datafield><datafield ind1=" " ind2=" " tag="CAT"><subfield code="a">Sys</subfield><subfield code="c">20080930</subfield><subfield code="h">135538</subfield></datafield></record></collection>